@Book{Tanenbaum2013,
  author    = {Tanenbaum, Andrew S.},
  publisher = {PEARSON - UNIVERSITARIOS/PROFISSIONAIS/NEGOCIOS KOTLER},
  title     = {Organizacao Estruturada de Computadores},
  year      = {2013},
  isbn      = {9788581435398},
}

@Article{Suprivix2022,
  author = {Equipe Suprivix},
  title  = {Tipos de scanner},
  year   = {2022},
  url    = {https://www.suprivix.com.br/blog/tipos-de-scanner/},
}

@Article{Silva2015,
  author = {Marcelo Silva},
  title  = {Impressoras, quando e como foram inventadas?},
  year   = {2015},
  url    = {https://blog.creativecopias.com.br/impressoras-quando-e-como-foram-inventadas/#:~:text=E o inventor das impressoras,e até mesmo com imagens},
}

@Article{Copygreen2022,
  author = {Copygreen},
  title  = {Três dicas para escolher o modelo ideal de impressora!},
  year   = {2022},
  url    = {https://copygreen.com.br/tres-dicas-para-escolher-o-modelo-ideal-de-impressora/#:~:text=Modelo de impressora a cera&text=São equipamentos voltados para serem,ligadas ao setor de saúde},
}

@Comment{jabref-meta: databaseType:bibtex;}
